@misc{AIActIntoForce,
	author = {European Commision Directorate-General for Communication},
	title = {{A}{I} {A}ct enters into force --- commission.europa.eu},
	howpublished = {\url{https://commission.europa.eu/news/ai-act-enters-force-2024-08-01_en}},
	month = {8},
	year = {2024},
	note = {[Accessed: 2024-10-15]},
}

@article{sp-184-2008,
  title     = {Royal Decree 184/2008 of 8 February 2008 approving the Statute of the State Aviation Safety Agency},
  author    = {Government of Spain},
  year      = {2008},
  journal   = {Official State Gazette},
  volume    = {50},
  pages     = {12354--12367},
  note      = {Article 9.k},
  url       = {https://www.boe.es/eli/es/rd/2008/02/08/184/con}
}

@misc{eu-1139-2018,
  author={{Council of European Union}},
  title={Regulation {(EU)} 2018/1139 of the European Parliament and of the Council of 4 July 2018 on common rules in the field of civil aviation and establishing a European Union Aviation Safety Agency},
  year={2018},
  note={\newline\url{http://data.europa.eu/eli/reg/2018/1139/oj}},
}

@misc{eu-947-2019,
  author={{Council of European Union}},
  title={Commission Implementing Regulation {(EU)} 2019/947 of 24 May 2019 on the rules and procedures for the operation of unmanned aircraft},
  year={2019},
  note={\newline\url{http://data.europa.eu/eli/reg_impl/2019/947/oj}},
}

@misc{eu-945-2019,
  author={{Council of European Union}},
  title={Commission Delegated Regulation {(EU)} 2019/945 of 12 March 2019 on unmanned aircraft systems and on third-country operators of unmanned aircraft systems},
  year={2019},
  note={\newline\url{http://data.europa.eu/eli/reg_impl/2019/945/oj}},
}

@misc{eu-1058-2020,
  author={{Council of European Union}},
  title={Commission Delegated Regulation (EU) 2020/1058 of 27 April 2020 amending Delegated Regulation {(EU)} 2019/945 as regards the introduction of two new unmanned aircraft systems classes},
  year={2020},
  note={\newline\url{http://data.europa.eu/eli/reg_del/2020/1058/oj}},
}

@misc{eu-1689-2024,
  author={{Council of European Union}},
  title={Commission Delegated Regulation {(EU)} 2024/1689 of the European Parliament and of the Council of 13 June 2024 laying down harmonised rules on artificial intelligence and amending Regulations},
  year={2024},
  note={\newline\url{https://eur-lex.europa.eu/eli/reg/2024/1689/oj}},
}

@misc{ageagleEuropeanUnion,
	author = {},
	title = {{E}uropean {U}nion drone regulations explained - {A}g{E}agle {A}erial {S}ystems {I}nc. --- ageagle.com},
	howpublished = {\url{https://ageagle.com/blog/european-union-drone-regulations-explained/}},
	year = {},
	note = {[Accessed: 2024-10-15]},
}

@book{INCOSE2015,
  author    = {International Council on Systems Engineering},
  title     = {INCOSE Systems Engineering Handbook: A Guide for System Life Cycle Processes and Activities},
  edition   = {4th},
  year      = {2015},
  publisher = {Wiley},
  address   = {Hoboken, NJ},
  url       = {https://www.incose.org/products-and-publications/se-handbook},
}

@misc{ruddle2020vmodel,
  author       = {Alastair Ruddle},
  title        = {Simplified System Engineering ‘V’ Model},
  howpublished = {\url{https://www.researchgate.net/figure/Simplified-system-engineering-V-model_fig1_338672391}},
  year         = {2020},
  note         = {[Accessed: 2024-10-15]}
}

@INPROCEEDINGS{non_terrestial_networks_trends,
  author={Vanelli-Coralli, Alessandro and Guidotti, Alessandro and Foggi, Tommaso and Colavolpe, Giulio and Montorsi, Guido},
  booktitle={2020 IEEE 3rd 5G World Forum (5GWF)},
  title={5G and Beyond 5G Non-Terrestrial Networks: trends and research challenges},
  year={2020},
  volume={},
  number={},
  pages={163-169},
  keywords={6G mobile communication;Technological innovation;Satellites;5G mobile communication;Scalability;3GPP;Reliability;Satellite Communications;Non-Terrestrial Networks;PHY/MAC procedures;System architecture},
  doi={10.1109/5GWF49715.2020.9221119}
}
