@misc{rcinnovationsQuadPlegable,
	author = {},
	title = {Tarot XS690 - Electric retractable landing gear},
	howpublished = {\url{https://rc-innovations.es/shop/Tarot-XS690-Electric-retractable-landing-gear}},
	year = {},
	note = {Accessed: 2024-10-25},
}

@misc{rcinnovationsVariadorTmotor,
	author = {},
	title = {Tmotor FLAME 100A LV 600Hz},
	howpublished = {\url{https://rc-innovations.es/shop/tmotor-flame-100a-lv-600hz-4s-8s-tmotor-industrial-drone-esc}},
	year = {},
	note = {Accessed: 2024-10-25},
}

@misc{rcinnovationsTmotor17x58,
	author = {},
	title = {Tmotor 17x5.8 V2},
	howpublished = {\url{https://rc-innovations.es/shop/tmotor-17x5-8-v2-pair-tmotor-17x5-8-v2-t-motor}},
	year = {},
	note = {Accessed: 2024-10-25},
}

@misc{ardupilotArduPilot,
	author = {ArduPilot},
	title = {{A}rdu{P}ilot --- ardupilot.org},
	howpublished = {\url{https://ardupilot.org/}},
	year = {},
	note = {Accessed: 2024-10-25},
}

@misc{rcinnovationsPixhawkCarcasa,
	author = {},
	title = {Holybro Pixhawk 6C},
	howpublished = {\url{https://rc-innovations.es/shop/pixhawk-6c-aliminum-case-pm02-v3-power-module-flight-controller}},
	year = {},
	note = {Accessed: 2024-10-25},
}

@misc{rcinnovationsComprarBatera,
	author = {},
	title = {TATTU 22000mAh 4S 14.8V 30C Lipo Battery},
	howpublished = {\url{https://rc-innovations.es/shop/22000mah-14-8v-30c-lipo-battery-ta-30c-22000-4s1p-gens-ace-tattu}},
	year = {},
	note = {Accessed: 2024-10-25},
}

@misc{rcinnovationsHobbyWingUbec,
	author = {},
	title = {HobbyWing 25A HV UBEC},
	howpublished = {\url{https://rc-innovations.es/shop/hobbywing-25a-hv-ubec-30606000-hobbywing}},
	year = {},
	note = {Accessed: 2024-10-25},
}

@misc{rcinnovationsHolybroGNSS,
	author = {},
	title = {Holybro M9N GPS GNSS},
	howpublished = {\url{https://rc-innovations.es/shop/holybro-m9n-gps-gnss-10-pin}},
	year = {},
	note = {Accessed: 2024-10-25},
}

@misc{rcinnovationsTmotor420KV,
	author = {},
	title = {Tmotor U7 V2 420KV},
	howpublished = {\url{https://rc-innovations.es/shop/tmotor-u7-420kv-u7-420-t-motor}},
	year = {},
	note = {Accessed: 2024-10-25},
}

@misc{rcinnovationsRadioMasterTX16S,
	author = {},
	title = {RadioMaster TX16S MKII Hall V4.0},
	howpublished = {\url{https://rc-innovations.es/shop/radiomaster-tx16s-mkii-multi-protocol-module-16channels}},
	year = {},
	note = {Accessed: 2024-10-26},
}

@misc{rcinnovationsComprarMdulos,
	author = {},
	title = {RFD868 TXMOD V2 868Mhz 1W},
	howpublished = {\url{https://rc-innovations.es/shop/rfd868x-txmod-v2-868mhz-1w-telemetry-rc-control-mavlink}},
	year = {},
	note = {Accessed: 2024-10-26},
}

@misc{nvidiaNVIDIAJetson,
	author = {},
	title = {{N}{V}{I}{D}{I}{A} {J}etson {A}{G}{X} {O}rin --- nvidia.com},
	howpublished = {\url{https://www.nvidia.com/en-us/autonomous-machines/embedded-systems/jetson-orin/}},
	year = {},
	note = {Accessed: 2024-10-26},
}

@misc{ricohimagingTHETARicoh,
	author = {},
	title = {{T}{H}{E}{T}{A} {X} - {R}icoh --- us.ricoh-imaging.com},
	howpublished = {\url{https://us.ricoh-imaging.com/product/theta-x/}},
	year = {},
	note = {Accessed: 2024-10-26},
}

@misc{amazonCloudComputing,
	author = {},
	title = {{C}loud {C}omputing {S}ervices - {A}mazon {W}eb {S}ervices ({A}{W}{S}) --- aws.amazon.com},
	howpublished = {\url{https://aws.amazon.com/}},
	year = {},
	note = {Accessed: 2024-10-26},
}

@misc{rcinnovationsISDTCargador,
	author = {},
	title = {ISDT K4 Dual Charger},
	howpublished = {\url{https://rc-innovations.es/shop/isdt-k4-dual-400w-600w-ac-dc-smart-charger}},
	year = {},
	note = {Accessed: 2024-10-26},
}

@misc{rcinnovationsBolsaProtectora,
	author = {},
	title = {LiPo Battery Safety Bag 26x21x13cm},
	howpublished = {\url{https://rc-innovations.es/shop/lipo-battery-bag-big-size-260mm}},
	year = {},
	note = {Accessed: 2024-10-26},
}

@misc{bambulabBambuPrinter,
	author = {},
	title = {{B}ambu {L}ab {P}1{S} 3{D} {P}rinter --- eu.store.bambulab.com},
	howpublished = {\url{https://eu.store.bambulab.com/en-es/products/p1s?variant=49311572328796}},
	year = {},
	note = {Accessed: 2024-10-26},
}

@misc{glinetGLX750Spitz,
	author = {},
	title = {{G}{L}-{X}750 / {S}pitz --- gl-inet.com},
	howpublished = {\url{https://www.gl-inet.com/products/gl-x750/}},
	year = {},
	note = {Accessed: 2024-10-27},
}
